<?xml version='1.0' encoding='UTF-8'?>
<record xmlns="http://www.loc.gov/MARC21/slim">
  <leader>01651cam a2200325   4500</leader>
  <controlfield tag="001">2759946</controlfield>
  <controlfield tag="003">NjP</controlfield>
  <controlfield tag="005">20171010173813.0</controlfield>
  <controlfield tag="008">901204s1970    iq c     b    000 0darar </controlfield>
  <datafield tag="024" ind1="7" ind2=" ">
    <subfield code="a">princeton_aco002395</subfield>
    <subfield code="2">local</subfield>
  </datafield>
  <datafield ind1=" " ind2=" " tag="010">
    <subfield code="a">   74962258 /NE </subfield>
  </datafield>
  <datafield ind1=" " ind2=" " tag="035">
    <subfield code="a">(OCoLC)ocm22774034</subfield>
  </datafield>
  <datafield ind1=" " ind2=" " tag="035">
    <subfield code="9">CNF4285TS</subfield>
  </datafield>
  <datafield ind1=" " ind2=" " tag="040">
    <subfield code="a">DLC</subfield>
    <subfield code="c">WAU</subfield>
    <subfield code="d">WAU</subfield>
    <subfield code="d">PUL</subfield>
  </datafield>
  <datafield ind1=" " ind2=" " tag="043">
    <subfield code="a">aw-----</subfield>
  </datafield>
  <datafield ind1="0" ind2=" " tag="050">
    <subfield code="a">DS63</subfield>
    <subfield code="b">.S565 1970</subfield>
  </datafield>
  <datafield ind1="1" ind2=" " tag="100">
    <subfield code="a">Shukr, Ibrāhīm Ṣāliḥ,</subfield>
    <subfield code="d">1892-1944.</subfield>
    <subfield code="0">http://id.loc.gov/authorities/names/no2008146543</subfield>
  </datafield>
  <datafield ind1="1" ind2="0" tag="245">
    <subfield code="a">Qalam wazīr,</subfield>
    <subfield code="b">tārīkh mā ahmalahu al-tārīkh min ḥawādith al-masʾalah al-ʻArabīyah fī al-Ḥijāz wa-Sūrīyah wa-al-ʻIrāq</subfield>
    <subfield code="c">[taʾlīf] Khālid Muḥsin Ismāʻīl.</subfield>
  </datafield>
  <datafield ind1=" " ind2=" " tag="260">
    <subfield code="a">Baghdād,</subfield>
    <subfield code="b">Maṭbaʻat al-Maʻārif,</subfield>
    <subfield code="c">1970.</subfield>
  </datafield>
  <datafield ind1=" " ind2=" " tag="300">
    <subfield code="a">110 p.</subfield>
    <subfield code="b">port.</subfield>
    <subfield code="c">25 cm.</subfield>
  </datafield>
  <datafield ind1="1" ind2=" " tag="490">
    <subfield code="a">His Āthār.</subfield>
    <subfield code="v">al-Kitāb 1</subfield>
  </datafield>
  <datafield ind1=" " ind2=" " tag="500">
    <subfield code="a">Added t.p.: Qalam wazeer, history of what was neglected by history from the events of the Arab cause in Hidjaz, Suria and Iraq [by] Ibrahim Salih Shukur.</subfield>
  </datafield>
  <datafield ind1=" " ind2=" " tag="504">
    <subfield code="a">Bibliography: p. 103-105.</subfield>
  </datafield>
  <datafield ind1=" " ind2=" " tag="500">
    <subfield code="a">"Fuṣūl ... nushira al-qism al-awwal minhā fī Majallat al-Amānī ... 1931 ... wa-nushira al-qism al-thānī fī Jarīdat al-Akhbār ... 1931 ʻalá al-tawālī."</subfield>
  </datafield>
  <datafield ind1=" " ind2=" " tag="500">
    <subfield code="a">In Arabic.</subfield>
  </datafield>
  <datafield ind1=" " ind2="0" tag="651">
    <subfield code="a">Middle East</subfield>
    <subfield code="x">Politics and government.</subfield>
    <subfield code="0">http://id.loc.gov/authorities/subjects/sh85090511</subfield>
  </datafield>
  <datafield ind1=" " ind2="0" tag="651">
    <subfield code="a">Middle East</subfield>
    <subfield code="v">Biography.</subfield>
  </datafield>
  <datafield ind1="1" ind2=" " tag="700">
    <subfield code="a">Ismāʻīl, Khālid Muḥsin,</subfield>
    <subfield code="e">editor.</subfield>
  </datafield>
  <datafield ind1="1" ind2=" " tag="800">
    <subfield code="a">Shukr, Ibrāhīm Ṣāliḥ,</subfield>
    <subfield code="d">1892-1944.</subfield>
    <subfield code="t">Āthār.</subfield>
    <subfield code="v">al-Kitāb 1.</subfield>
  </datafield>
  <datafield ind1=" " ind2=" " tag="945">
    <subfield code="a">F</subfield>
    <subfield code="b">1</subfield>
    <subfield code="c">2274.87774 S5.374</subfield>
  </datafield>
  <datafield ind1=" " ind2=" " tag="911">
    <subfield code="a">20000130</subfield>
  </datafield>
  <datafield ind1="0" ind2="0" tag="852">
    <subfield code="0">3070723</subfield>
    <subfield code="b">nec</subfield>
    <subfield code="t">1</subfield>
    <subfield code="h">DS63</subfield>
    <subfield code="i">.S585 1970</subfield>
  </datafield>
  <datafield ind1=" " ind2=" " tag="959">
    <subfield code="a">2009-07-02 08:47:45 -0400</subfield>
  </datafield>
</record>
